@book{ford2007karst,
  title={Karst Hydrogeology and Geomorphology},
  author={Ford, D.C. and Williams, P.W.},
  year={2007},
  publisher={Wiley}
}

@MISC{LAK,
  note = {Lidar digital model of relief of Menišija, made by Andrej Kobler, Slovenian Forestry Institute}
}

@ARTICLE{Kobler20079,
  author = {Andrej Kobler and Norbert Pfeifer and Peter Ogrinc and Ljupčo Todorovski and Krištof Oštir and Sašo Džeroski},
  title = {Repetitive interpolation: A robust algorithm for DTM generation from Aerial Laser Scanner Data in forested terrain},
  journal = {Remote Sensing of Environment},
  year = {2007},
  otherinfo = {http://www.sciencedirect.com/science/article/pii/S003442570600424X}
}

@ARTICLE{Zambo1997,
  author = {Zambo, L. and Ford, D. C.},
  title = {Limestone Dissolution Processes in Beke Doline Aggtelek National Park, Hungary},
  journal = {Earth Surface Processes and Landforms},
  volume = {22},
  number = {6},
  publisher = {John Wiley & Sons, Ltd},
  pages = {531-543},
  year = {1997}
}